<record><leader>00000cas a22000007a 4500</leader><controlfield tag="001">18249300</controlfield><controlfield tag="008">880721d18801885pauwr ne      0    0eng d</controlfield><datafield ind1=" " ind2=" " tag="010"><subfield code="a">sn 88079392 </subfield></datafield><datafield ind1=" " ind2=" " tag="040"><subfield code="a">NPH</subfield><subfield code="b">eng</subfield><subfield code="c">NPH</subfield><subfield code="d">OCLCQ</subfield></datafield><datafield ind1=" " ind2=" " tag="042"><subfield code="a">msc</subfield></datafield><datafield ind1="0" ind2=" " tag="130"><subfield code="a">Meadville Republican (Meadville, Pa. : 1880)</subfield></datafield><datafield ind1="1" ind2="0" tag="245"><subfield code="a">Meadville Republican.</subfield></datafield><datafield ind1="3" ind2="0" tag="246"><subfield code="a">Meadville dollar Republican</subfield></datafield><datafield ind1=" " ind2=" " tag="260"><subfield code="a">[Meadville, Pa. :</subfield><subfield code="b">J.W.H. Reisinger],</subfield><subfield code="c">1880-</subfield></datafield><datafield ind1=" " ind2=" " tag="300"><subfield code="a">v.</subfield></datafield><datafield ind1=" " ind2=" " tag="310"><subfield code="a">Weekly</subfield></datafield><datafield ind1="0" ind2=" " tag="362"><subfield code="a">Vol. 30, no. 1 (Jan. 2, 1880)- = new ser. no. 796-</subfield></datafield><datafield ind1="1" ind2=" " tag="362"><subfield code="a">Ceased in Mar. 1885.</subfield></datafield><datafield ind1=" " ind2=" " tag="500"><subfield code="a">Title varies: Meadville dollar Republican, Jan. 9-16, 1880.</subfield></datafield><datafield ind1=" " ind2=" " tag="515"><subfield code="a">Issues for &lt;May 21, 1880&gt; called also &lt;new ser., no. 816&gt;.</subfield></datafield><datafield ind1=" " ind2=" " tag="580"><subfield code="a">Daily eds.: Evening Republican (Meadville, Pa. : 1872), 1880; Meadville daily Republican (Meadville, Pa. : 1880), 1880-1884; Meadville evening Republican, 1884-1885.</subfield></datafield><datafield ind1=" " ind2=" " tag="752"><subfield code="a">United States</subfield><subfield code="b">Pennsylvania</subfield><subfield code="c">Crawford</subfield><subfield code="d">Meadville.</subfield></datafield><datafield ind1="0" ind2=" " tag="775"><subfield code="t">Evening Republican (Meadville, Pa. : 1872)</subfield><subfield code="w">(DLC)sn 86053741</subfield></datafield><datafield ind1="0" ind2=" " tag="775"><subfield code="t">Meadville daily Republican (Meadville, Pa. : 1880)</subfield><subfield code="w">(DLC)sn 88079337</subfield></datafield><datafield ind1="0" ind2=" " tag="775"><subfield code="t">Meadville evening Republican</subfield><subfield code="w">(DLC)sn 88079385</subfield></datafield><datafield ind1="0" ind2="0" tag="780"><subfield code="t">Meadville dollar Republican</subfield><subfield code="w">(DLC)sn 88079391</subfield></datafield><datafield ind1="0" ind2="7" tag="785"><subfield code="t">Meadville weekly tribune</subfield><subfield code="w">(DLC)sn 88079393</subfield></datafield><datafield ind1="0" ind2="7" tag="785"><subfield code="t">Meadville weekly tribune and Republican</subfield><subfield code="w">(DLC)sn 88079394</subfield></datafield></record>